<?xml version="1.0" encoding="UTF-8"?><collection xmlns="http://www.loc.gov/MARC21/slim"><record><leader>00399nam--2200145-i-4500</leader><controlfield tag="001">000013871</controlfield><controlfield tag="002">20161230</controlfield><controlfield tag="005">20170304204524</controlfield><controlfield tag="008">060222s1000------------r-----000-0-eng-d</controlfield><datafield ind1=" " ind2=" " tag="100"><subfield code="a">Demetrescu, G</subfield></datafield><datafield ind1=" " ind2=" " tag="245"><subfield code="a">Sur le tremblement de terre du 29 juillet 1942 des nontagnes de vrancea</subfield></datafield><datafield ind1=" " ind2=" " tag="260"><subfield code="a">Bucarest</subfield><subfield code="b">Observatoire</subfield><subfield code="c">1942</subfield></datafield><datafield ind1=" " ind2=" " tag="300"><subfield code="a">10 p</subfield></datafield><datafield ind1=" " ind2=" " tag="852"><subfield code="a">550.34(498)</subfield></datafield><datafield ind1=" " ind2=" " tag="CAT"><subfield code="a">SYS</subfield><subfield code="c">20170304</subfield><subfield code="h">204524</subfield></datafield></record></collection>